<?xml version="1.0" encoding="UTF-8"?><collection xmlns="http://www.loc.gov/MARC21/slim"><record><leader>00719nam--2200169-i-4500</leader><controlfield tag="001">000022158</controlfield><controlfield tag="002">20161230</controlfield><controlfield tag="005">20161230201034</controlfield><controlfield tag="008">060222s1000------------r-----000-0-eng-d</controlfield><datafield ind1=" " ind2=" " tag="040"><subfield code="a">IFIN-HH</subfield></datafield><datafield ind1=" " ind2=" " tag="080"><subfield code="a">539.12.047</subfield></datafield><datafield ind1="1" ind2=" " tag="100"><subfield code="a">Leone, Charles A</subfield></datafield><datafield ind1="1" ind2="0" tag="245"><subfield code="a">Effects of ionizing radiation on immune processes</subfield><subfield code="b">The scientific papers presented at the international symposum on the effects of ionizing radiation on immune processes sponsored by the u.s. atomic energy commission and the university of kansas lekd at the university of kansas, september 5-7, 1961</subfield><subfield code="c">Charles a. leone (ed.)</subfield></datafield><datafield ind1=" " ind2=" " tag="260"><subfield code="a">New York</subfield><subfield code="b">Gordon And Breach</subfield><subfield code="c">1962</subfield></datafield><datafield ind1=" " ind2=" " tag="300"><subfield code="a">XIV+518P</subfield></datafield><datafield ind1=" " ind2=" " tag="852"><subfield code="a">18472</subfield><subfield code="c">539.12.04</subfield></datafield><datafield ind1=" " ind2=" " tag="CAT"><subfield code="a">Sys</subfield><subfield code="c">20120203</subfield><subfield code="h">134424</subfield></datafield></record></collection>